%% This BibTeX bibliography file was created using BibDesk.
%% https://bibdesk.sourceforge.io/

%% Created for Jean Krivine at 2024-04-15 13:52:48 +0200 


%% Saved with string encoding Unicode (UTF-8) 



@url{ERC20,
	author = {Fabian Vogelsteller and Vitalik Buterin},
	date-added = {2024-04-15 13:50:19 +0200},
	date-modified = {2024-04-15 13:52:48 +0200},
	title = {https://eips.ethereum.org/{EIPS}/eip-20},
	urldate = {2015-11-19}}

@techreport{Ethereum,
	author = {Gavin Wood},
	date-added = {2024-04-15 13:47:44 +0200},
	date-modified = {2024-04-15 13:49:17 +0200},
	institution = {Ethereum and Parity},
	month = {Apr},
	title = {Ethereum: a secure decentralised generalised transaction ledger},
	year = {2024}}

@techreport{Mangrove,
	author = {Mangrove},
	date-added = {2024-04-15 12:15:07 +0200},
	date-modified = {2024-04-15 12:21:40 +0200},
	institution = {Mangrove whitepaper},
	title = {The ``offer-is-code'' approach to Decentralised Exchanges},
	year = {2021}}
